@misc{UNEP2023,
  author = {{UNEP FI, UNDP, and UNEP-WCMC}},
  title = {Are you ready for nature-related disclosures?},
  year = {2023},
  url = {https://www.unepfi.org/publications/are-you-ready-for-nature-related-disclosures/}
}

@misc{GUTTERMAN2024,
  author = {Gutterman, Alan},
  title = {Sustainability reporting frameworks, standards, instruments, and regulations},
  publisher = {S\&P Global Market Intelligence},
  year = {2024},
  doi = {10.2139/ssrn.3809288}
}

@book{FREEMAN1984,
  title = {Strategic management: A stakeholder approach},
  author = {Freeman, R. E.},
  year = {1984},
  publisher = {Pitman},
  isbn = {9780273019138}
}

@article{MITCHELL1997,
  title = {Toward a theory of stakeholder identification and salience: Defining the principle of who and what really counts},
  author = {Mitchell, Ronald K. and Agle, Bradley R. and Wood, Donna J.},
  journal = {Academy of Management Review},
  volume = {22},
  number = {4},
  pages = {853--886},
  year = {1997}
}

@article{DONALDSON1995,
  title = {The stakeholder theory of the corporation: Concepts, evidence, and implications},
  author = {Donaldson, Thomas and Preston, Lee E.},
  journal = {Academy of Management Review},
  volume = {20},
  number = {1},
  pages = {65--91},
  year = {1995}
}

@article{SUCHMAN1995,
  title = {Managing legitimacy: Strategic and institutional approaches},
  author = {Suchman, Mark C.},
  journal = {Academy of Management Review},
  volume = {20},
  number = {3},
  pages = {571--610},
  year = {1995}
}

@article{ROBERTS1992,
  title = {Determinants of corporate social responsibility disclosure: An application of stakeholder theory},
  author = {Roberts, Robin W.},
  journal = {Accounting, Organizations and Society},
  volume = {17},
  number = {6},
  pages = {595--612},
  year = {1992},
  doi = {10.1016/0361-3682(92)90015-K}
}

@article{THOMPSON2004,
  title = {Bringing the environment into bank lending: Implications for environmental reporting},
  author = {Thompson, Paul and Cowton, Christopher J.},
  journal = {British Accounting Review},
  volume = {36},
  number = {2},
  pages = {197--218},
  year = {2004},
  doi = {10.1016/j.bar.2003.11.005}
}

@article{SCHOLTENS2009,
  title = {Corporate social responsibility in the international banking industry},
  author = {Scholtens, Bert},
  journal = {Journal of Business Ethics},
  volume = {86},
  number = {2},
  pages = {159--175},
  year = {2009},
  doi = {10.1007/s10551-008-9841-x}
}

@article{CARNEVALE2014,
  title = {Sustainability report and bank valuation: Evidence from European stock markets},
  author = {Carnevale, Concetta and Mazzuca, Maria},
  journal = {Business Ethics: A European Review},
  volume = {23},
  number = {1},
  pages = {69--90},
  year = {2014},
  doi = {10.1111/beer.12038}
}

@article{JENSEN1976,
  title = {Theory of the firm: Managerial behavior, agency costs and ownership structure},
  author = {Jensen, Michael C. and Meckling, William H.},
  journal = {Journal of Financial Economics},
  volume = {3},
  number = {4},
  pages = {305--360},
  year = {1976},
  doi = {10.1016/0304-405X(76)90026-X}
}

@article{AKERLOF1970,
  title = {The market for "lemons": Quality uncertainty and the market mechanism},
  author = {Akerlof, George A.},
  journal = {Quarterly Journal of Economics},
  volume = {84},
  number = {3},
  pages = {488--500},
  year = {1970}
}

@article{DIMAGGIO1983,
  title = {The iron cage revisited: Institutional isomorphism and collective rationality in organizational fields},
  author = {Dimaggio, Paul and Powell, Walter W.},
  journal = {American Sociological Review},
  volume = {48},
  number = {2},
  year = {1983}
}

@article{BUALLAY2023,
  title = {Sustainability reporting in banking and financial services sector: A regional analysis},
  author = {Buallay, Amina Mohamed and Nasrallah, Nohade and Marri, Meera Al and Hamdan, Allam and Barone, Elisabetta and Zureigat, Qasim},
  journal = {Journal of Sustainable Finance \& Investment},
  volume = {13},
  number = {1},
  pages = {776--801},
  year = {2023},
  doi = {10.1080/20430795.2021.1978919}
}

@article{LEE2009,
  title = {Corporate sustainability performance and idiosyncratic risk: A global perspective},
  author = {Lee, Darren D. and Faff, Robert W.},
  journal = {Financial Review},
  volume = {44},
  number = {2},
  pages = {213--237},
  year = {2009},
  doi = {10.1111/j.1540-6288.2009.00216.x}
}

@article{GALANT2017,
  title = {Corporate social responsibility and financial performance relationship: A review of measurement approaches},
  author = {Galant, Adriana and Cadez, Simon},
  journal = {Economic Research-Ekonomska Istraživanja},
  volume = {30},
  number = {1},
  pages = {676--693},
  year = {2017},
  doi = {10.1080/1331677X.2017.1313122}
}

@article{CORNETT2016,
  title = {Greed or good deeds: An examination of the relation between corporate social responsibility and the financial performance of U.S. commercial banks around the financial crisis},
  author = {Cornett, Marcia Millon and Erhemjamts, Otgontsetseg and Tehranian, Hassan},
  journal = {Journal of Banking \& Finance},
  volume = {70},
  pages = {137--159},
  year = {2016},
  doi = {10.1016/j.jbankfin.2016.04.024}
}

@article{SCHOLTENS2019,
  title = {Sustainability and bank risk},
  author = {Scholtens, Bert and van’t Klooster, Sophie},
  journal = {Palgrave Communications},
  volume = {5},
  number = {1},
  pages = {105},
  year = {2019},
  doi = {10.1057/s41599-019-0315-9}
}

@article{ANGINER2018,
  title = {Corporate governance of banks and financial stability},
  author = {Anginer, Deniz and Demirguc-Kunt, Asli and Huizinga, Harry and Ma, Kebin},
  journal = {Journal of Financial Economics},
  volume = {130},
  number = {2},
  pages = {327--346},
  year = {2018},
  doi = {10.1016/j.jfineco.2018.06.011}
}

@techreport{TNFD2023,
  title = {Recommendations of the task force on nature-related financial disclosures},
  author = {{Taskforce on Nature-related Financial Disclosures}},
  year = {2023},
  institution = {TNFD}
}

@techreport{IFRS2023S1,
  title = {IFRS S1 general requirements for disclosure of sustainability-related financial information},
  author = {{International Sustainability Standards Board}},
  year = {2023},
  institution = {IFRS Foundation}
}

@article{WU2013,
  title = {Corporate social responsibility in the banking industry: Motives and financial performance},
  author = {Wu, Meng-Wen and Shen, Chung-Hua},
  journal = {Journal of Banking \& Finance},
  volume = {37},
  number = {9},
  pages = {3529--3547},
  year = {2013}
}

@article{HOOGHIEMSTRA2000,
  title = {Corporate communication and impression management: New perspectives why companies engage in corporate social reporting},
  author = {Hooghiemstra, Reggy},
  journal = {Journal of Business Ethics},
  volume = {27},
  number = {1/2},
  pages = {55--68},
  year = {2000}
}

@article{CAMPBELL2007,
  title = {Why would corporations behave in socially responsible ways? An institutional theory of corporate social responsibility},
  author = {Campbell, John L.},
  journal = {Academy of Management Review},
  volume = {32},
  number = {3},
  pages = {946--967},
  year = {2007}
}

@article{DYDUCH2017,
  title = {Determinants of corporate social responsibility disclosure: An empirical study of Polish listed companies},
  author = {Dyduch, Justyna and Krasodomska, Joanna},
  journal = {Sustainability},
  volume = {9},
  number = {11},
  pages = {1934},
  year = {2017},
  doi = {10.3390/su9111934}
}

@article{DYER2019,
  title = {Do institutional investors drive corporate social responsibility? International evidence},
  author = {Dyck, Alexander and Lins, Karl V. and Roth, Lukas and Wagner, Hannes F.},
  journal = {Journal of Financial Economics},
  volume = {131},
  number = {3},
  pages = {693--714},
  year = {2019},
  doi = {10.1016/j.jfineco.2018.08.013}
}

@article{KRUEGER2024,
  title = {The effects of mandatory ESG disclosure around the world},
  author = {Krueger, Philipp and Sautner, Zacharias and Tang, Dragon Yongjun and Zhong, Rui},
  journal = {Journal of Accounting Research},
  volume = {62},
  number = {5},
  pages = {1795--1847},
  year = {2024},
  doi = {10.1111/1475-679X.12548}
}

@article{LI2018,
  title = {The impact of environmental, social, and governance disclosure on firm value: The role of CEO power},
  author = {Li, Yiwei and Gong, Mengfeng and Zhang, Xiu-Ye and Koh, Lenny},
  journal = {British Accounting Review},
  volume = {50},
  number = {1},
  pages = {60--75},
  year = {2018},
  doi = {10.1016/j.bar.2017.09.007}
}