@misc{UNEP2023,
  author = {UNEP FI},
  title = {Are you ready for nature-related disclosures?},
  year = {2023},
  url = {https://www.unepfi.org/publications/are-you-ready-for-nature-related-disclosures/}
}

@misc{GUTTERMAN2024,
  author = {Gutterman, Alan},
  title = {Sustainability reporting frameworks, standards, instruments, and regulations},
  publisher = {S\&P Global Market Intelligence},
  year = {2024},
  doi = {10.2139/ssrn.3809288}
}

@book{FREEMAN1984,
  title={Strategic Management: A Stakeholder Approach},
  author={Freeman, R.E.},
  isbn={9780273019138},
  lccn={gb84030734},
  series={Business and Public Policy Series},
  year={1984},
  publisher={Pitman}
}

@article{MITCHELL1997,
  title = {Toward a theory of stakeholder identification and salience: Defining the principle of who and what really counts},
  author = {Mitchell, Ronald K. and Agle, Bradley R. and Wood, Donna J.},
  journal = {Academy of Management Review},
  volume = {22},
  number = {4},
  pages = {853--886},
  year = {1997}
}

@article{DONALDSON1995,
 ISSN = {03637425},
 author = {Donaldson, Thomas and Preston, Lee E.},
 journal = {The Academy of Management Review},
 number = {1},
 pages = {65--91},
 publisher = {Academy of Management},
 title = {The Stakeholder Theory of the Corporation: Concepts, Evidence, and Implications},
 urldate = {2025-01-20},
 volume = {20},
 year = {1995}
}

@article{SUCHMAN1995,
 ISSN = {03637425},
 author = {Suchman, Mark C.},
 journal = {The Academy of Management Review},
 number = {3},
 pages = {571--610},
 publisher = {Academy of Management},
 title = {Managing Legitimacy: Strategic and Institutional Approaches},
 urldate = {2025-01-20},
 volume = {20},
 year = {1995}
}

@Inbook{GINZEL2000,
   author = {Ginzel, Linda E and Kramer, Roderick M and Sutton, Robert I},
   isbn = {9780199269464},
   title = {Organizational Impression Management as a Reciprocal Inﬂuence Process: The Neglected Role of the Organizational Audience},
   booktitle = {Organizational Identity: A Reader},
   publisher = {Oxford University Press},
   year = {2000},
   month = {03},
   doi = {10.1093/oso/9780199269464.003.0012}   
}

@article{NEILSEN1987,
   author = {Neilsen, Eric H. and Rao, M. V. Hayagreeva},
   title = {The Strategy-Legitimacy Nexus: A Thick Description},
   journal = {Academy of Management. The Academy of Management Review},
   volume = {12},
   number = {3},
   pages = {523},
   ISSN = {03637425},
   year = {1987},
   type = {Journal Article}
}

@book{PERROW1970, 
  title={Organizational Analysis: A Sociological View},
  author={Perrow, C.},
  isbn={9780818502873},
  lccn={70098404},
  series={Behavioral science in industry series},
  year={1970},
  publisher={Brooks/Cole}
}

@article{DEEGAN2002,
   author = {Deegan, Craig},
   title = {The legitimising effect of social and environmental disclosures -- a theoretical foundation},
   journal = {Accounting, Auditing \& Accountability Journal},
   volume = {15},
   number = {3},
   pages = {282-311},
   ISSN = {09513574},
   year = {2002},
   type = {Journal Article}
}

@article{ROBERTS1992,
   author = {Roberts, Robin W.},
   title = {Determinants of corporate social responsibility disclosure: An application of stakeholder theory},
   journal = {Accounting, Organizations and Society},
   volume = {17},
   number = {6},
   pages = {595-612},
   ISSN = {0361-3682},
   DOI = {10.1016/0361-3682(92)90015-K},
   year = {1992},
   type = {Journal Article}
}

@article{THOMPSON2004,
   author = {Thompson, Paul and Cowton, Christopher J.},
   title = {Bringing the environment into bank lending: implications for environmental reporting},
   journal = {The British Accounting Review},
   volume = {36},
   number = {2},
   pages = {197-218},
   ISSN = {0890-8389},
   DOI = {10.1016/j.bar.2003.11.005},
   year = {2004},
   type = {Journal Article}
}

@article{SCHOLTENS2009,
   author = {Scholtens, Bert},
   title = {Corporate Social Responsibility in the International Banking Industry},
   journal = {Journal of Business Ethics},
   volume = {86},
   number = {2},
   pages = {159-175},
   ISSN = {1573-0697},
   DOI = {10.1007/s10551-008-9841-x},
   year = {2009},
   type = {Journal Article}
}

@article{CARNEVALE2014,
   author = {Carnevale, Concetta and Mazzuca, Maria},
   title = {Sustainability report and bank valuation: evidence from European stock markets},
   journal = {Business Ethics: A European Review},
   volume = {23},
   number = {1},
   pages = {69-90},
   doi = {10.1111/beer.12038},
   year = {2014}
}

@article{JENSEN1976,
   author = {Jensen, Michael C. and Meckling, William H.},
   title = {Theory of the firm: Managerial behavior, agency costs and ownership structure},
   journal = {Journal of Financial Economics},
   volume = {3},
   number = {4},
   pages = {305-360},
   ISSN = {0304-405X},
   DOI = {10.1016/0304-405X(76)90026-X},
   year = {1976},
   type = {Journal Article}
}

@article{AKERLOF1970,
 ISSN = {00335533, 15314650},
 author = {Akerlof, George A.},
 journal = {The Quarterly Journal of Economics},
 number = {3},
 pages = {488--500},
 publisher = {Oxford University Press},
 title = {The Market for "Lemons": Quality Uncertainty and the Market Mechanism},
 urldate = {2025-01-20},
 volume = {84},
 year = {1970}
}

@inbook{HART1987, 
  place={Cambridge}, 
  series={Econometric Society Monographs}, 
  title={The theory of contracts}, 
  booktitle={Advances in Economic Theory: Fifth World Congress}, 
  publisher={Cambridge University Press}, 
  author={Hart, Oliver and Holmström, Bengt}, 
  bookeditor={Bewley, Truman FassettEditor}, 
  year={1987}, 
  pages={71-156}, 
  collection={Econometric Society Monographs}
} 

@book{GRAY1996,
  title={Accounting \& Accountability: Changes and Challenges in Corporate Social and Environmental Reporting},
  author={Gray, R. and Owen, D. and Adams, C.},
  isbn={9780131758605},
  lccn={95042790},
  year={1996},
  publisher={Prentice Hall}
}

@article{DHALIWAL2011,
 ISSN = {00014826},
 author = {Dhaliwal, Dan S. and Li, Oliver Zhen and Tsang, Albert and Yang, Yong George},
 journal = {The Accounting Review},
 number = {1},
 pages = {59--100},
 publisher = {American Accounting Association},
 title = {Voluntary Nonfinancial Disclosure and the Cost of Equity Capital: The Initiation of Corporate Social Responsibility Reporting},
 volume = {86},
 year = {2011}
}

@article{CUI2018,
   author = {Cui, Jinhua and Jo, Hoje and Na, Haejung},
   title = {Does Corporate Social Responsibility Affect Information Asymmetry?},
   journal = {Journal of Business Ethics},
   volume = {148},
   number = {3},
   pages = {549-572},
   ISSN = {1573-0697},
   DOI = {10.1007/s10551-015-3003-8},
   year = {2018},
   type = {Journal Article}
}

@article{ELGHOUL2011,
   author = {El Ghoul, Sadok and Guedhami, Omrane and Kwok, Chuck C. Y. and Mishra, Dev R.},
   title = {Does corporate social responsibility affect the cost of capital?},
   journal = {Journal of Banking \& Finance},
   volume = {35},
   number = {9},
   pages = {2388-2406},
   ISSN = {0378-4266},
   DOI = {10.1016/j.jbankfin.2011.02.007},
   year = {2011},
   type = {Journal Article}
}

@article{DIMAGGIO1983,
  title = {The iron cage revisited: Institutional isomorphism and collective rationality in organizational fields},
  author = {Dimaggio, Paul and Powell, Walter W.},
  year = {1983},
  month = {apr},
  language = {English (US)},
  volume = {48},
  journal = {American Sociological Review},
  issn = {0003-1224},
  publisher = {American Sociological Association},
  number = {2}
}

@article{DELMAS2004,
   author = {Delmas, Magali and Toffel, Michael W.},
   title = {Stakeholders and environmental management practices: an institutional framework},
   journal = {Business Strategy and the Environment},
   volume = {13},
   number = {4},
   pages = {209-222},
   doi = {10.1002/bse.409},
   year = {2004}
}

@inbook{HIGGINS2014,
  author = {Higgins, Colin and Larrinaga, Carlos},
  year = {2014},
  month = {01},
  pages = {13},
  title = {Sustainability reporting : insights from institutional theory}, 
  booktitle={Sustainability Accounting and Accountability}, 
  place={London}
}

@article{BEBBINGTON2018,
   author = {Bebbington, Jan and Unerman, Jeffrey},
   title = {Achieving the United Nations Sustainable Development Goals},
   journal = {Accounting, Auditing \& Accountability Journal},
   volume = {31},
   number = {1},
   pages = {2-24},
   ISSN = {0951-3574},
   DOI = {10.1108/AAAJ-05-2017-2929},
   year = {2018},
   type = {Journal Article}
}

@article{CHRISTENSEN2021,
   author = {Christensen, Hans B. and Hail, Luzi and Leuz, Christian},
   title = {Mandatory CSR and sustainability reporting: economic analysis and literature review},
   journal = {Review of Accounting Studies},
   volume = {26},
   number = {3},
   pages = {1176-1248},
   ISSN = {1573-7136},
   DOI = {10.1007/s11142-021-09609-5},
   year = {2021},
   type = {Journal Article}
}

@techreport{DASGUPTA2021,
   author = {Dasgupta, P.},
   title = {The Economics of Biodiversity: The Dasgupta Review.},
   institution = {HM Treasury},
   url = {https://www.gov.uk/government/publications/final-report-the-economics-of-biodiversity-the-dasgupta-review},
   year = {2021},
   type = {Report}
}

@article{DAILY2009,
  author = {Daily, Gretchen C and Polasky, Stephen and Goldstein, Joshua and Kareiva, Peter M and Mooney, Harold A and Pejchar, Liba and Ricketts, Taylor H and Salzman, James and Shallenberger, Robert},
  title = {Ecosystem services in decision making: time to deliver},
  journal = {Frontiers in Ecology and the Environment},
  volume = {7},
  number = {1},
  pages = {21-28},
  doi = {https://doi.org/10.1890/080025},
  year = {2009}
}

@article{ATKINSON2014,
  title={Valuing ecosystem services and biodiversity},
  author={Atkinson, Giles and Bateman, Ian J and Mourato, Susana},
  journal={Nature in the balance: The economics of biodiversity},
  pages={101--134},
  year={2014},
  publisher={Oxford: Oxford University Press}
}

@book{ECCLES2014,
  title={The Integrated Reporting Movement: Meaning, Momentum, Motives, and Materiality},
  author={Eccles, R.G. and Krzus, M.P. and Ribot, S.},
  isbn={9781118646984},
  lccn={2014029756},
  series={Wiley Corporate F\&A},
  year={2014},
  publisher={Wiley}
}

@techreport{EC2019,
   author = {European Commission},
   title = {Guidelines on non-financial reporting: Supplement on reporting climate-related information},
   url = {https://eur-lex.europa.eu/legal-content/EN/TXT/?uri=oj:JOC_2019_209_R_0001},
   year = {2019},
   type = {Report}
}

@article{KUHN2022,
   author = {Kuhn, Berthold M.},
   title = {Sustainable finance in Germany: mapping discourses, stakeholders, and policy initiatives},
   journal = {Journal of Sustainable Finance \& Investment},
   volume = {12},
   number = {2},
   pages = {497--524},
   year = {2022},
   publisher = {Taylor \& Francis},
   doi = {10.1080/20430795.2020.1783151}
}

@article{BUALLAY2023,
   author = {Buallay, Amina Mohamed and Nasrallah, Nohade and Marri, Meera Al and Hamdan, Allam and Barone, Elisabetta and Zureigat, Qasim},
   title = {Sustainability reporting in banking and financial services sector: a regional analysis},
   journal = {Journal of Sustainable Finance \& Investment},
   volume = {13},
   number = {1},
   pages = {776--801},
   year = {2023},
   publisher = {Taylor \& Francis},
   doi = {10.1080/20430795.2021.1978919}
}

@article{LEE2009,
   author = {Lee, Darren D. and Faff, Robert W.},
   title = {Corporate Sustainability Performance and Idiosyncratic Risk: A Global Perspective},
   journal = {Financial Review},
   volume = {44},
   number = {2},
   pages = {213-237},
   keywords = {sustainability, corporate social performance, corporate financial performance, idiosyncratic risk, global evidence, best of sector, G11, G30, Q56},
   doi = {10.1111/j.1540-6288.2009.00216.x},
   year = {2009}
}

@Inbook{FRIEDMAN2007,
  author={Friedman, Milton},
  title={The Social Responsibility of Business Is to Increase Its Profits},
  booktitle={Corporate Ethics and Corporate Governance},
  year={2007},
  publisher={Springer Berlin Heidelberg},
  address={Berlin, Heidelberg},
  pages={173--178},
  isbn={978-3-540-70818-6},
  doi={10.1007/978-3-540-70818-6_14},
  bookeditor={Zimmerli, Walther Ch and Holzinger, Markus and Richter, Klaus}
}

@article{GALANT2017,
   author = {Galant, Adriana and Cadez, Simon},
   title = {Corporate social responsibility and financial performance relationship: a review of measurement approaches},
   journal = {Economic Research-Ekonomska Istraživanja},
   volume = {30},
   number = {1},
   pages = {676--693},
   year = {2017},
   publisher = {Routledge},
   doi = {10.1080/1331677X.2017.1313122}
}

@article{BUALLAY2021,
   author = {Buallay, Amina and Fadel, Sayed M. and Alajmi, Jasim and Saudagaran, Shahrokh},
   title = {Sustainability reporting and bank performance after financial crisis},
   journal = {Competitiveness Review: An International Business Journal},
   volume = {31},
   number = {4},
   pages = {747-770},
   ISSN = {1059-5422},
   DOI = {10.1108/CR-04-2019-0040},
   year = {2021},
   type = {Journal Article}
}

@article{CORNETT2016,
   author = {Cornett, Marcia Millon and Erhemjamts, Otgontsetseg and Tehranian, Hassan},
   title = {Greed or good deeds: An examination of the relation between corporate social responsibility and the financial performance of {U.S.} commercial banks around the financial crisis},
   journal = {Journal of Banking \& Finance},
   volume = {70},
   pages = {137-159},
   keywords = {Corporate social responsibility
Firm performance
Commercial banks},
   ISSN = {0378-4266},
   DOI = {10.1016/j.jbankfin.2016.04.024},
   year = {2016},
   type = {Journal Article}
}

@article{SHEN2016,
   author = {Shen, Chung-Hua and Wu, Meng-Wen and Chen, Ting-Hsuan and Fang, Hao},
   title = {To engage or not to engage in corporate social responsibility: Empirical evidence from global banking sector},
   journal = {Economic Modelling},
   volume = {55},
   ISSN = {0264-9993},
   DOI = {10.1016/j.econmod.2016.02.007},
   year = {2016},
   type = {Journal Article}
}

@Article{FERRERO2016,
   AUTHOR = {Ferrero-Ferrero, Idoya and Fernández-Izquierdo, María Ángeles and Muñoz-Torres, María Jesús},
   TITLE = {The Effect of Environmental, Social and Governance Consistency on Economic Results},
   JOURNAL = {Sustainability},
   VOLUME = {8},
   YEAR = {2016},
   NUMBER = {10},
   ARTICLE-NUMBER = {1005},
   ISSN = {2071-1050},
   DOI = {10.3390/su8101005}
}

@article{ARAS2024,
   author = {Aras, Guler and Kutlu Furtuna, Ozlem and Hacioglu Kazak, Evrim},
   address = {Dordrecht},
   issn = {0303-8300},
   journal = {Social indicators research},
   language = {eng},
   number = {3},
   pages = {967-1006},
   publisher = {Springer Netherlands},
   title = {SDG Impact Index with Double Materiality Perspective: Evidence from OECD Commercial Bank Industry},
   volume = {174},
   year = {2024}
}

@article{DEMETRIADES2025,
   author = {Demetriades, Elias and Politsidis, Panagiotis N.},
   title = {Bank lending to fossil fuel firms},
   journal = {Journal of Financial Stability},
   volume = {76},
   pages = {101349},
   ISSN = {1572-3089},
   DOI = {10.1016/j.jfs.2024.101349},
   year = {2025},
   type = {Journal Article}
}

@article{GANGI2019,
   author = {Gangi, Francesco and Meles, Antonio and D'Angelo, Eugenio and Daniele, Lucia Michela},
   title = {Sustainable development and corporate governance in the financial system: Are environmentally friendly banks less risky?},
   journal = {Corporate Social Responsibility and Environmental Management},
   volume = {26},
   number = {3},
   pages = {529-547},
   keywords = {banks, corporate governance, corporate social responsibility, environment, risk, sustainable development},
   doi = {10.1002/csr.1699},
   year = {2019}
}

@article{LAEVEN2009,
   author = {Laeven, Luc and Levine, Ross},
   title = {Bank governance, regulation and risk taking},
   journal = {Journal of Financial Economics},
   volume = {93},
   number = {2},
   pages = {259-275},
   ISSN = {0304-405X},
   DOI = {10.1016/j.jfineco.2008.09.003},
   year = {2009},
   type = {Journal Article}
}

@article{SCHOLTENS2019,
   author = {Scholtens, Bert and van’t Klooster, Sophie},
   title = {Sustainability and bank risk},
   journal = {Palgrave Communications},
   volume = {5},
   number = {1},
   pages = {105},
   ISSN = {2055-1045},
   DOI = {10.1057/s41599-019-0315-9},
   year = {2019},
   type = {Journal Article}
}

@article{DI_TOMMASO2020,
   author = {Di Tommaso, Caterina and Thornton, John},
   title = {Do {ESG} scores effect bank risk taking and value? Evidence from European banks},
   journal = {Corporate Social Responsibility and Environmental Management},
   volume = {27},
   number = {5},
   pages = {2286-2298},
   keywords = {bank risk, bank value, corporate social responsibility, ESG score},
   doi = {10.1002/csr.1964},
   year = {2020}
}

@article{CHIARAMONTE2022,
   author = {Chiaramonte, Laura and Dreassi, Alberto and Girardone, Claudia and Piserà, Stefano},
   title = {Do {ESG} strategies enhance bank stability during financial turmoil? Evidence from Europe},
   journal = {The European Journal of Finance},
   volume = {28},
   number = {12},
   pages = {1173--1211},
   year = {2022},
   publisher = {Routledge},
   doi = {10.1080/1351847X.2021.1964556}
}

@article{NEITZERT2022,
   author = {Neitzert, Florian and Petras, Matthias},
   title = {Corporate social responsibility and bank risk},
   journal = {Journal of Business Economics},
   volume = {92},
   number = {3},
   pages = {397-428},
   ISSN = {1861-8928},
   DOI = {10.1007/s11573-021-01069-2},
   year = {2022},
   type = {Journal Article}
}

@techreport{ESRB2016,
   author = {{European Systemic Risk Board}}, 
   title = {Too late, too sudden: Transition to a low carbon economy and systemic risk},
   url = {https://www.econstor.eu/bitstream/10419/193616/1/Reports-ASC-6.pdf},
   institution = {European Systemic Risk Board},
   year = {2016},
   type = {Report}
}

@article{ANGINER2018,
   author = {Anginer, Deniz and Demirguc-Kunt, Asli and Huizinga, Harry and Ma, Kebin},
   title = {Corporate governance of banks and financial stability},
   journal = {Journal of Financial Economics},
   volume = {130},
   number = {2},
   pages = {327-346},
   keywords = {Corporate governance
Bank insolvency
Systemic risk},
   ISSN = {0304-405X},
   DOI = {10.1016/j.jfineco.2018.06.011},
   year = {2018},
   type = {Journal Article}
}

@article{ACHARYA2017,
   author = {Acharya, Viral V. and Pedersen, Lasse H. and Philippon, Thomas and Richardson, Matthew},
   title = {Measuring Systemic Risk},
   journal = {The Review of Financial Studies},
   volume = {30},
   number = {1},
   pages = {2-47},
   ISSN = {0893-9454},
   DOI = {10.1093/rfs/hhw088},
   year = {2017},
   type = {Journal Article}
}

@article{BROWNLEES2017,
    author = {Brownlees, Christian and Engle, Robert F.},
    title = {SRISK: A Conditional Capital Shortfall Measure of Systemic Risk},
    journal = {The Review of Financial Studies},
    volume = {30},
    number = {1},
    pages = {48-79},
    year = {2016},
    month = {08},
    issn = {0893-9454},
    doi = {10.1093/rfs/hhw060}   
}

@misc{CBD2023,
  author = {{Convention on Biological Diversity}},
  title = {2030 Targets (with Guidance Notes)},
  year = {2023},
  url = {https://www.cbd.int/gbf/targets},
  note = {Accessed: 26 January 2025},
  organization = {Convention on Biological Diversity}
}

@techreport{TNFD2023,
  title = {Recommendations of the Task Force on Nature-Related Financial Disclosures},
  author = {{Taskforce on Nature-related Financial Disclosures}},
  year = {2023},
  institution = {TNFD},
  url = {https://tnfd.global/publication/recommendations-of-the-taskforce-on-nature-related-financial-disclosures/},
  type = {Report},
  note = {Accessed: 26 January 2025}
}

@techreport{STUSSI2024,
  title = {Halting Deforestation through Finance: Regulatory Mapping of the Central Bank of Brazil},
  author = {Stussi, Mariana and Souza, Priscila and Contreras, Maria Fernanda},
  year = {2024},
  institution = {Climate Policy Initiative},
  address = {Rio de Janeiro},
  url = {https://www.climatepolicyinitiative.org/wp-content/uploads/2024/07/Regulatory-Mapping-BCB-1.pdf},
  note = {Accessed: 26 January 2025}
}

@techreport{TNFD2023LEAP,
  title = {Guidance on the identification and assessment of nature-related issues: The TNFD LEAP approach},
  author = {{Taskforce on Nature-related Financial Disclosures}},
  year = {2023},
  month = {September},
  version = {1.0},
  institution = {TNFD},
  url = {https://tnfd.global/publication/additional-guidance-on-assessment-of-nature-related-issues-the-leap-approach/},
  note = {Accessed: 26 January 2025}
}

@techreport{IFRS2023S1,
  title = {IFRS S1 General Requirements for Disclosure of Sustainability-related Financial Information},
  author = {{International Sustainability Standards Board}},
  year = {2023},
  institution = {IFRS Foundation},
  url = {https://www.ifrs.org/content/dam/ifrs/publications/pdf-standards-issb/english/2023/issued/part-a/issb-2023-a-ifrs-s1-general-requirements-for-disclosure-of-sustainability-related-financial-information.pdf},
  note = {Accessed: 26 January 2025}
}

@techreport{IFRS2023S2,
  title = {IFRS S2 Climate-related Disclosures},
  author = {{International Sustainability Standards Board}},
  year = {2023},
  month = {June},
  institution = {IFRS Foundation},
  url = {https://www.ifrs.org/content/dam/ifrs/publications/pdf-standards-issb/english/2023/issued/part-a/issb-2023-a-ifrs-s2-climate-related-disclosures.pdf},
  note = {Accessed: 26 January 2025}
}

@misc{TNFD2024,
  title = {ISSB delivers further harmonisation of the sustainability disclosure landscape},
  author = {{Taskforce on Nature-related Financial Disclosures}},
  year = {2024},
  url = {https://tnfd.global/issb-delivers-further-harmonisation-of-the-sustainability-disclosure-landscape/},
  note = {Accessed: 26 January 2025},
  organization = {Taskforce on Nature-related Financial Disclosures}
}

@techreport{EBA2022,
  title = {Draft Implementing Technical Standards on Pillar 3 disclosures on {ESG} risks},
  author = {{European Banking Authority}},
  year = {2022},
  institution = {European Banking Authority},
  url = {https://www.eba.europa.eu/sites/default/files/document_library/Publications/Draft%20Technical%20Standards/2022/1026171/EBA%20draft%20ITS%20on%20Pillar%203%20disclosures%20on%20ESG%20risks.pdf},
  note = {Accessed: 26 January 2025}
}

@techreport{EFRAG2022,
  title = {[Draft] ESRS E4 Biodiversity and ecosystems},
  author = {{European Financial Reporting Advisory Group}},
  year = {2022},
  month = {November},
  institution = {EFRAG},
  url = {https://www.efrag.org/sites/default/files/sites/webpublishing/SiteAssets/11%20Draft%20ESRS%20E4%20Biodiversity%20and%20ecosystems%20November%202022.pdf},
  note = {Accessed: 26 January 2025}
}

@techreport{FCA2023,
  title = {PS23/16 Sustainability Disclosure Requirements (SDR) and investment labels},
  author = {{Financial Conduct Authority}},
  year = {2023},
  month = {November},
  institution = {Financial Conduct Authority},
  url = {https://www.fca.org.uk/publication/policy/ps23-16.pdf},
  note = {Accessed: 26 January 2025}
}

@misc{EU_CSRD_2022,
  author = {{European Parliament and Council of the European Union}},
  title = {Directive (EU) 2022/2464 of the European Parliament and of the Council of 14 December 2022 amending Regulation (EU) No 537/2014, Directive 2004/109/EC, Directive 2006/43/EC and Directive 2013/34/EU, as regards corporate sustainability reporting},
  year = {2022},
  howpublished = {Official Journal of the European Union},
  volume = {L 322},
  pages = {15--80},
  url = {https://eur-lex.europa.eu/legal-content/EN/TXT/?uri=CELEX%3A32022L2464}
}

@article{WU2013,
   author = {Wu, Meng-Wen and Shen, Chung-Hua},
   title = {Corporate social responsibility in the banking industry: Motives and financial performance},
   journal = {Journal of Banking \& Finance},
   volume = {37},
   number = {9},
   pages = {3529-3547},
   ISSN = {0378-4266},
   DOI = {10.1016/j.jbankfin.2013.04.023},
   year = {2013},
   type = {Journal Article}
}

@article{CARNEVALE2012,
   author = {Carnevale, Concetta and Mazzuca, Maria and Venturini, Sergio},
   title = {Corporate Social Reporting in European Banks: The Effects on a Firm's Market Value},
   journal = {Corporate Social Responsibility and Environmental Management},
   volume = {19},
   number = {3},
   pages = {159-177},
   keywords = {corporate social responsibility, social reporting, value relevance analysis, firm's market value, European banking sector, bank stock price},
   doi = {10.1002/csr.262},
   year = {2012}
}

@article{GOSS2011,
   author = {Goss, Allen and Roberts, Gordon S.},
   title = {The impact of corporate social responsibility on the cost of bank loans},
   journal = {Journal of Banking \& Finance},
   volume = {35},
   number = {7},
   pages = {1794-1810},
   ISSN = {0378-4266},
   DOI = {10.1016/j.jbankfin.2010.12.002},
   year = {2011},
   type = {Journal Article}
}

@article{BASU2022,
   author = {Basu, Sudipta and Vitanza, Justin and Wang, Wei and Zhu, Xiaoyu Ross},
   title = {Walking the walk? Bank {ESG} disclosures and home mortgage lending},
   journal = {Review of Accounting Studies},
   volume = {27},
   number = {3},
   pages = {779-821},
   ISSN = {1573-7136},
   DOI = {10.1007/s11142-022-09691-3},
   year = {2022},
   type = {Journal Article}
}

@article{HOOGHIEMSTRA2000,
   ISSN = {01674544, 15730697},
   author = {Hooghiemstra, Reggy},
   journal = {Journal of Business Ethics},
   number = {1/2},
   pages = {55--68},
   publisher = {Springer},
   title = {Corporate Communication and Impression Management: New Perspectives Why Companies Engage in Corporate Social Reporting},
   urldate = {2025-02-01},
   volume = {27},
   year = {2000}
}

@article{SPENCE2010,
   author = {Spence, Crawford and Husillos, Javier and Correa-Ruiz, Carmen},
   title = {Cargo cult science and the death of politics: A critical review of social and environmental accounting research},
   journal = {Critical Perspectives on Accounting},
   volume = {21},
   number = {1},
   pages = {76-89},
   ISSN = {1045-2354},
   DOI = {https://doi.org/10.1016/j.cpa.2008.09.008},
   year = {2010},
   type = {Journal Article}
}

@article{CAMPBELL2007,
   author = {Campbell, John L.},
   title = {Why Would Corporations Behave in Socially Responsible Ways? An Institutional Theory of Corporate Social Responsibility},
   journal = {The Academy of Management Review},
   volume = {32},
   number = {3},
   pages = {946-967},
   ISSN = {03637425, 19303807},
   year = {2007},
   type = {Journal Article}
}

@article{AGUINIS2012,
   author = {Aguinis, Herman and Glavas, Ante},
   title ={What We Know and Don’t Know About Corporate Social Responsibility: A Review and Research Agenda},
   journal = {Journal of Management},
   volume = {38},
   number = {4},
   pages = {932-968},
   year = {2012},
   doi = {10.1177/0149206311436079}
}

@article{BUCHHOLZ2005,
   ISSN = {01674544, 15730697},
   author = {Buchholz, Rogene A. and Rosenthal, Sandra B.},
   journal = {Journal of Business Ethics},
   number = {1/3},
   pages = {137--148},
   publisher = {Springer},
   title = {Toward a Contemporary Conceptual Framework for Stakeholder Theory},
   urldate = {2025-02-02},
   volume = {58},
   year = {2005}
}

@article{LAPLUME2008,
   author = {Laplume, André O. and Sonpar, Karan and Litz, Reginald A.},
   title ={Stakeholder Theory: Reviewing a Theory That Moves Us},
   journal = {Journal of Management},
   volume = {34},
   number = {6},
   pages = {1152-1189},
   year = {2008},
   doi = {10.1177/0149206308324322}
}

@article{CAMPBELL_D2003,
   author = {Campbell, David and Craven, Barrie and Shrives, Philip},
   title = {Voluntary social reporting in three FTSE sectors: a comment on perception and legitimacy},
   journal = {Accounting, Auditing \& Accountability Journal},
   volume = {16},
   number = {4},
   pages = {558-581},
   ISSN = {0951-3574},
   DOI = {10.1108/09513570310492308},
   year = {2003},
   type = {Journal Article}
}

@article{YOUN2015,
   author = {Youn, Hyewon and Hua, Nan and Lee, Seoki},
   title = {Does size matter? Corporate social responsibility and firm performance in the restaurant industry},
   journal = {International Journal of Hospitality Management},
   volume = {51},
   pages = {127-134},
   keywords = {Corporate social responsibility
Firm size
Moderating effect
Restaurant industry},
   ISSN = {0278-4319},
   DOI = {10.1016/j.ijhm.2015.09.008},
   year = {2015},
   type = {Journal Article}
}

@article{PELOZA2006,
   author = {Peloza, John},
   title ={Using Corporate Social Responsibility as Insurance for Financial Performance},
   journal = {California Management Review},
   volume = {48},
   number = {2},
   pages = {52-72},
   year = {2006},
   doi = {10.2307/41166338}
}

@article{MEZNAR1995,
   author = {Meznar, Martin B. and Nigh, Douglas},
   title = {Buffer or Bridge? Environmental and Organizational Determinants of Public Affairs Activities in American Firms},
   journal = {The Academy of Management Journal},
   volume = {38},
   number = {4},
   pages = {975-996},
   ISSN = {00014273},
   DOI = {10.2307/256617},
   year = {1995},
   type = {Journal Article}
}

@article{DAMATO2020,
   author = {D'Amato, Antonio and Falivena, Camilla},
   title = {Corporate social responsibility and firm value: Do firm size and age matter? Empirical evidence from {European} listed companies},
   journal = {Corporate Social Responsibility and Environmental Management},
   volume = {27},
   number = {2},
   pages = {909-924},
   keywords = {corporate social responsibility, firm age, firm size, firm value, moderation analysis},
   doi = {10.1002/csr.1855},
   year = {2020}
}

@article{ABDI2022,
   author = {Abdi, Yaghoub and Li, Xiaoni and Càmara-Turull, Xavier},
   title = {Exploring the impact of sustainability ({ESG}) disclosure on firm value and financial performance ({FP}) in airline industry: the moderating role of size and age},
   journal = {Environment, Development and Sustainability},
   volume = {24},
   number = {4},
   pages = {5052-5079},
   ISSN = {1573-2975},
   DOI = {10.1007/s10668-021-01649-w},
   year = {2022},
   type = {Journal Article}
}

@article{MURE2021,
   author = {Murè, Pina and Spallone, Marco and Mango, Fabiomassimo and Marzioni, Stefano and Bittucci, Lucilla},
   title = {{ESG} and reputation: The case of sanctioned Italian banks},
   journal = {Corporate Social Responsibility and Environmental Management},
   volume = {28},
   number = {1},
   pages = {265-277},
   keywords = {banking reputation, banks sanctions, CSR, ESG score},
   doi = {10.1002/csr.2047},
   year = {2021}
}

@article{FAVINO2019,
   author = {Favino, Christian and Netti, Antonio},
   title = {Impact of Environmental, Social, and Governance Information on Economic Performance: Evidence of a Corporate ‘Sustainability Advantage’ from Europe},
   journal = {Sustainability},
   volume = {11},
   number = {6},
   pages = {1738},
   DOI = {10.3390/su11061738},
   year = {2019},
   type = {Journal Article}
}

@article{ALAREENI2020,
   author = {Alareeni, Bahaaeddin Ahmed and Hamdan, Allam},
   title = {{ESG} impact on performance of US S\&P 500-listed firms},
   journal = {Corporate Governance: The International Journal of Business in Society},
   volume = {20},
   number = {7},
   pages = {1409-1428},
   ISSN = {1472-0701},
   DOI = {10.1108/CG-06-2020-0258},
   year = {2020},
   type = {Journal Article}
}

@article{DREMPETIC2020,
   author = {Drempetic, Samuel and Klein, Christian and Zwergel, Bernhard},
   title = {The Influence of Firm Size on the {ESG} Score: Corporate Sustainability Ratings Under Review},
   journal = {Journal of Business Ethics},
   volume = {167},
   number = {2},
   pages = {333-360},
   ISSN = {01674544, 15730697},
   year = {2020},
   type = {Journal Article}
}

@article{BUALLAY2019,
   author = {Buallay, Amina},
   title = {Is sustainability reporting ({ESG}) associated with performance? Evidence from the European banking sector},
   journal = {Management of Environmental Quality},
   volume = {30},
   number = {1},
   pages = {98-115},
   ISSN = {14777835},
   DOI = {10.1108/MEQ-12-2017-0149},
   year = {2019},
   type = {Journal Article}
}

@article{LAMANDA2024,
   author = {Lamanda, Gabriella and Tamásné Vőneki, Zsuzsanna},
   title = {Is {ESG} disclosure associated with bank performance? Evidence from the Visegrad Four countries},
   journal = {Management of Environmental Quality: An International Journal},
   volume = {35},
   number = {1},
   pages = {201-219},
   ISSN = {1477-7835},
   DOI = {10.1108/MEQ-02-2023-0064},
   year = {2024},
   type = {Journal Article}
}

@article{BRAMMER2008,
   author = {Brammer, Stephen and Pavelin, Stephen},
   title = {Factors influencing the quality of corporate environmental disclosure},
   journal = {Business Strategy and the Environment},
   volume = {17},
   number = {2},
   pages = {120-136},
   keywords = {environmental disclosure, stakeholder theory},
   doi = {10.1002/bse.506},
   year = {2008}
}

@article{HADDOCK2005,
   author = {Haddock, Janet},
   title = {Consumer influence on internet‐based corporate communication of environmental activities: the UK food sector},
   journal = {British Food Journal},
   volume = {107},
   number = {10},
   pages = {792-805},
   ISSN = {0007-070X},
   DOI = {10.1108/00070700510623559},
   year = {2005},
   type = {Journal Article}
}

@article{LIU2009,
   author = {Liu, Xianbing and Anbumozhi, V.},
   title = {Determinant factors of corporate environmental information disclosure: an empirical study of Chinese listed companies},
   journal = {Journal of Cleaner Production},
   volume = {17},
   number = {6},
   pages = {593-600},
   ISSN = {0959-6526},
   DOI = {10.1016/j.jclepro.2008.10.001},
   year = {2009},
   type = {Journal Article}
}

@article{GAMERSCHLAG2011,
   author = {Gamerschlag, Ramin and Möller, Klaus and Verbeeten, Frank},
   title = {Determinants of voluntary CSR disclosure: empirical evidence from Germany},
   journal = {Review of Managerial Science},
   volume = {5},
   number = {2},
   pages = {233-262},
   ISSN = {1863-6691},
   DOI = {10.1007/s11846-010-0052-3},
   year = {2011},
   type = {Journal Article}
}

@article{DYDUCH2017,
   author = {Dyduch, Justyna and Krasodomska, Joanna},
   title = {Determinants of Corporate Social Responsibility Disclosure: An Empirical Study of Polish Listed Companies},
   journal = {Sustainability},
   volume = {9},
   number = {11},
   pages = {1934},
   DOI = {10.3390/su9111934},
   year = {2017},
   type = {Journal Article}
}

@article{YUEN2022,
   author = {Yuen, Mui Kuen and Ngo, Thanh and Le, Tu D. Q. and Ho, Tin H.},
   title = {The environment, social and governance ({ESG}) activities and profitability under COVID-19: evidence from the global banking sector},
   journal = {Journal of Economics and Development},
   volume = {24},
   number = {4},
   pages = {345-364},
   ISSN = {1859-0020, 2632-5330},
   DOI = {10.1108/JED-08-2022-0136},
   year = {2022},
   type = {Journal Article}
}

@article{GANGWANI2024,
   author = {Gangwani, Mayank and Kashiramka, Smita},
   title = {Does {ESG} performance impact value and risk-taking by commercial banks? Evidence from emerging market economies},
   journal = {Business Strategy and the Environment},
   volume = {33},
   number = {7},
   pages = {7562-7589},
   keywords = {bank risk-taking, bank value, COVID-19 pandemic, emerging market economies (EMEs), ESG disclosure, sustainability reporting},
   doi = {10.1002/bse.3882},
   year = {2024}
}

@article{SAHASRANAMAM2020,
   author = {Sahasranamam, Sreevas and Arya, Bindu and Sud, Mukesh},
   title = {Ownership structure and corporate social responsibility in an emerging market},
   journal = {Asia Pacific Journal of Management},
   volume = {37},
   number = {4},
   pages = {1165-1192},
   ISSN = {1572-9958},
   DOI = {10.1007/s10490-019-09649-1},
   year = {2020},
   type = {Journal Article}
}

@article{AMEEN2022,
   author = {Ameen, Qasem and Shaker Dahan, A. L. Duais and Wan Nordin, Wan-Hussin and Hasan Mohamad, Bamahros and Alquhaif, Abdulsalam and Thomran, Murad},
   title = {Institutional Ownership Types and {ESG} Reporting: The Case of Saudi Listed Firms},
   journal = {Sustainability},
   volume = {14},
   number = {18},
   pages = {11316},
   DOI = {10.3390/su141811316},
   year = {2022},
   type = {Journal Article}
}

@article{ALOBAID2024,
   author = {Alobaid, Rayed Obaid Hammoud and Ameen, Qasem and Adel Ali, Al-Qadasi},
   title = {Corporate Social Responsibility, Ownership Structure, and Firm Investment Efficiency: Evidence from the Saudi Stock Market},
   journal = {Sustainability},
   volume = {16},
   number = {15},
   pages = {6584},
   DOI = {10.3390/su16156584},
   year = {2024},
   type = {Journal Article}
}

@article{DYCK2019,
   author = {Dyck, Alexander and Lins, Karl V. and Roth, Lukas and Wagner, Hannes F.},
   title = {Do institutional investors drive corporate social responsibility? International evidence},
   journal = {Journal of Financial Economics},
   volume = {131},
   number = {3},
   pages = {693-714},
   ISSN = {0304-405X},
   year = {2019},
   type = {Journal Article}
}

@article{CHEN2020,
   author = {Chen, Tao and Dong, Hui and Lin, Chen},
   title = {Institutional shareholders and corporate social responsibility},
   journal = {Journal of Financial Economics},
   volume = {135},
   number = {2},
   pages = {483-504},
   ISSN = {0304-405X},
   DOI = {10.1016/j.jfineco.2019.06.007},
   year = {2020},
   type = {Journal Article}
}

@article{SHLEIFER1986,
   author = {Shleifer, Andrei and Vishny, Robert W.},
   title = {Large Shareholders and Corporate Control},
   journal = {Journal of Political Economy},
   volume = {94},
   number = {3},
   pages = {461-488},
   ISSN = {00223808, 1537534X},
   year = {1986},
   type = {Journal Article}
}

@article{GARCIA-SANCHEZ2020,
   author = {García-Sánchez, Isabel-María and Rodríguez-Ariza, Lázaro and Aibar-Guzmán, Beatriz and Aibar-Guzmán, Cristina},
   title = {Do institutional investors drive corporate transparency regarding business contribution to the sustainable development goals?},
   journal = {Business Strategy and the Environment},
   volume = {29},
   number = {5},
   pages = {2019-2036},
   doi = {10.1002/bse.2485},
   year = {2020}
}

@article{ZHOU2019,
   author = {Zhou, Chao},
   title = {Effects of corporate governance on the decision to voluntarily disclose corporate social responsibility reports: evidence from China},
   journal = {Applied Economics},
   volume = {51},
   number = {55},
   pages = {5900--5910},
   year = {2019},
   publisher = {Routledge},
   doi = {10.1080/00036846.2019.1631440}
}

@article{ALUCHNA2022,
   author = {Aluchna, Maria and Roszkowska-Menkes, Maria and Kamiński, Bogumił and Bosek-Rak, Dominika},
   title = {Do institutional investors encourage firm to social disclosure? The stakeholder salience perspective},
   journal = {Journal of Business Research},
   volume = {142},
   pages = {674-682},
   ISSN = {0148-2963},
   DOI = {10.1016/j.jbusres.2021.12.064},
   year = {2022},
   type = {Journal Article}
}

@article{RAIMO2020,
   author = {Raimo, Nicola and Vitolla, Filippo and Marrone, Arcangelo and Rubino, Michele},
   title = {The role of ownership structure in integrated reporting policies},
   journal = {Business Strategy and the Environment},
   volume = {29},
   number = {6},
   pages = {2238-2250},
   keywords = {integrated reporting, ownership structure, disclosure, agency theory},
   doi = {10.1002/bse.2498},
   year = {2020}
}

@article{QU2007,
   author = {Qu, Riliang},
   title = {Corporate social responsibility in China: Impact of regulations, market orientation and ownership structure},
   journal = {Chinese Management Studies},
   volume = {1},
   number = {3},
   pages = {198-207},
   ISSN = {1750614X},
   DOI = {10.1108/17506140710779302},
   year = {2007},
   type = {Journal Article}
}

@article{TAGESSON2009,
   author = {Tagesson, Torbjörn and Blank, Veronica and Broberg, Pernilla and Collin, Sven-Olof},
   title = {What explains the extent and content of social and environmental disclosures on corporate websites: a study of social and environmental reporting in Swedish listed corporations},
   journal = {Corporate Social Responsibility and Environmental Management},
   volume = {16},
   number = {6},
   pages = {352-364},
   keywords = {CSER, social disclosures, websites},
   doi = {10.1002/csr.194},
   year = {2009}
}

@article{STIGLITZ1993,
   author = {Stiglitz, J.},
   title = {The Role of the State in Financial Markets},
   journal = {The World Bank Economic Review},
   volume = {7},
   pages = {1},
   year = {1993},
   type = {Journal Article}
}

@article{SHLEIFER1997,
   author = {Shleifer, Andrei and Vishny, Robert W.},
   title = {A Survey of Corporate Governance},
   journal = {The Journal of Finance},
   volume = {52},
   number = {2},
   pages = {737-783},
   abstract = {[This article surveys research on corporate governance, with special attention to the importance of legal protection of investors and of ownership concentration in corporate governance systems around the world.]},
   ISSN = {00221082, 15406261},
   DOI = {10.2307/2329497},
   year = {1997},
   type = {Journal Article}
}

@article{SMITH2022,
   author = {Smith, Veronica and Lau, James and Dumay, John},
   title = {Shareholder use of CSR reports: an accountability perspective},
   journal = {Meditari Accountancy Research},
   volume = {30},
   number = {6},
   pages = {1658-1679},
   ISSN = {2049372X},
   DOI = {10.1108/MEDAR-02-2020-0769},
   year = {2022},
   type = {Journal Article}
}

@article{BORGES2024,
   author = {Borges, Dermeval Martins Junior and Da Silva, Denise Mendes},
   title = {Ownership Concentration of Equity Shares With and Without Voting Rights: Does It Influence CSR Voluntary Disclosure?},
   journal = {Brazilian Business Review},
   volume = {21},
   number = {5},
   pages = {1-17},
   DOI = {10.15728/bbr.2022.1404.en},
   year = {2024},
   type = {Journal Article}
}

@article{DUCASSY2015,
   author = {Ducassy, Isabelle and Montandrau, Sophie},
   title = {Corporate social performance, ownership structure, and corporate governance in France},
   journal = {Research in International Business and Finance},
   volume = {34},
   pages = {383-396},
   ISSN = {0275-5319},
   DOI = {10.1016/j.ribaf.2015.02.002},
   year = {2015},
   type = {Journal Article}
}

@article{HESS2007, 
   title={Social Reporting and New Governance Regulation: The Prospects of Achieving Corporate Accountability Through Transparency}, 
   volume={17}, 
   DOI={10.5840/beq200717348}, 
   number={3}, 
   journal={Business Ethics Quarterly}, 
   author={Hess, David}, 
   year={2007}, 
   pages={453–476}
} 

@article{HESS_etal2007,
   author = {Hess, David and Dunfee, Thomas W.},
   title = {The Kasky-Nike Threat to Corporate Social Reporting: Implementing a Standard of Optimal Truthful Disclosure as a Solution},
   journal = {Business Ethics Quarterly},
   volume = {17},
   number = {1},
   pages = {5-32},
   ISSN = {1052-150X},
   DOI = {10.5840/beq200717119},
   year = {2007},
   type = {Journal Article}
}

@article{LAU2016,
   author = {Lau, ChungMing and Lu, Yuan and Liang, Qiang},
   title = {Corporate Social Responsibility in China: A Corporate Governance Approach},
   journal = {Journal of Business Ethics},
   volume = {136},
   number = {1},
   pages = {73-87},
   ISSN = {01674544, 15730697},
   year = {2016},
   type = {Journal Article}
}

@article{BOSE2018,
   author = {Bose, Sudipta and Khan, Habib Zaman and Rashid, Afzalur and Islam, Shajul},
   title = {What drives green banking disclosure? An institutional and corporate governance perspective},
   journal = {Asia Pacific Journal of Management},
   volume = {35},
   number = {2},
   pages = {501-527},
   ISSN = {1572-9958},
   DOI = {10.1007/s10490-017-9528-x},
   year = {2018},
   type = {Journal Article}
}

@article{DESAI2024,
   author = {Desai, Rajesh},
   title = {Nexus between mandatory {ESG} disclosure regulation and abnormal stock returns: a study of an emerging economy},
   journal = {International Journal of Law and Management},
   volume = {66},
   number = {2},
   pages = {236-258},
   ISSN = {1754-243X},
   DOI = {10.1108/IJLMA-07-2023-0154},
   year = {2024},
   type = {Journal Article}
}

@article{KRUEGER2024,
   author = {KRUEGER, PHILIPP and SAUTNER, ZACHARIAS and TANG, DRAGON YONGJUN and ZHONG, RUI},
   title = {The Effects of Mandatory {ESG} Disclosure Around the World},
   journal = {Journal of Accounting Research},
   volume = {62},
   number = {5},
   pages = {1795-1847},
   doi = {10.1111/1475-679X.12548},
   year = {2024}
}

@article{LEE2024,
   author = {Lee, Chien-Chiang and Wang, Chih-Wei and Chen, Wen-Ling and Hong, Pei-Chin},
   title = {Compulsory disclosure regulation: the effect of {ESG} on extreme risk},
   journal = {Applied Economics},
   volume = {56},
   number = {32},
   pages = {3856--3869},
   year = {2024},
   publisher = {Routledge},
   doi = {10.1080/00036846.2023.2208849}
}

@article{CICCHIELLO2023,
   author = {Cicchiello, Antonella Francesca and Marrazza, Ferdinando and Perdichizzi, Salvatore},
   title = {Non-financial disclosure regulation and environmental, social, and governance ({ESG}) performance: The case of EU and US firms},
   journal = {Corporate Social Responsibility and Environmental Management},
   volume = {30},
   number = {3},
   pages = {1121-1128},
   doi = {10.1002/csr.2408},
   year = {2023}
}

@article{MANOS2024,
   author = {Manos, Ronny and Finger, Maya and Boukai, Haim},
   title = {Self-regulation for responsible banking and {ESG} disclosure scores: Is there a link?},
   journal = {Journal of International Financial Markets, Institutions and Money},
   volume = {97},
   pages = {102079},
   ISSN = {1042-4431},
   DOI = {10.1016/j.intfin.2024.102079},
   year = {2024},
   type = {Journal Article}
}

@article{WANG2023,
   author = {Wang, Lynn Linghuan},
   title = {Transmission Effects of {ESG} Disclosure Regulations Through Bank Lending Networks},
   journal = {Journal of Accounting Research},
   volume = {61},
   number = {3},
   pages = {935-978},
   doi = {10.1111/1475-679X.12478},
   year = {2023}
}

@article{TIAN2023,
   author = {Tian, Gary and Wang, Kun Tracy and Wu, Yue},
   title = {Does the market value the green credit performance of banks? Evidence from bank loan announcements},
   journal = {The British Accounting Review},
   pages = {101282},
   ISSN = {0890-8389},
   DOI = {10.1016/j.bar.2023.101282},
   year = {2023},
   type = {Journal Article}
}


@article{LI2018,
   author = {Li, Yiwei and Gong, Mengfeng and Zhang, Xiu-Ye and Koh, Lenny},
   title = {The impact of environmental, social, and governance disclosure on firm value: The role of CEO power},
   journal = {The British Accounting Review},
   volume = {50},
   number = {1},
   pages = {60-75},
   ISSN = {0890-8389},
   DOI = {10.1016/j.bar.2017.09.007},
   year = {2018},
   type = {Journal Article}
}

@article{BEN_LAHOUEL2019,
   author = {Ben Lahouel, Béchir and Gaies, Brahim and Ben Zaied, Younes and Jahmane, Abderrahmane},
   title = {Accounting for endogeneity and the dynamics of corporate social – Corporate financial performance relationship},
   journal = {Journal of Cleaner Production},
   volume = {230},
   pages = {352-364},
   ISSN = {0959-6526},
   DOI = {10.1016/j.jclepro.2019.04.377},
   year = {2019},
   type = {Journal Article}
}

@article{OIKONOMOU2012,
   author = {Oikonomou, Ioannis and Brooks, Chris and Pavelin, Stephen},
   title = {The Impact of Corporate Social Performance on Financial Risk and Utility: A Longitudinal Analysis},
   journal = {Financial Management},
   volume = {41},
   number = {2},
   pages = {483-515},
   doi = {10.1111/j.1755-053X.2012.01190.x},
   year = {2012}
}

@article{BEN_LAHOUEL2021,
   author = {Ben Lahouel, Béchir  and Zaied, Younes Ben and Song, Yaoyao and Yang, Guo-liang},
   title = {Corporate social performance and financial performance relationship: A data envelopment analysis approach without explicit input},
   journal = {Finance Research Letters},
   volume = {39},
   pages = {101656},
   ISSN = {1544-6123},
   DOI = {10.1016/j.frl.2020.101656},
   year = {2021},
   type = {Journal Article}
}

@techreport{ECCLES2012,
  author       = {Eccles, Robert G. and Ioannou, Ioannis and Serafeim, George},
  title        = {The impact of a corporate culture of sustainability on corporate behaviour and performance},
  institution  = {National Bureau of Economic Research},
  year         = {2012},
  type         = {NBER Working Paper},
  number       = {17950},
  url          = {https://www.nber.org/system/files/working_papers/w17950/w17950.pdf},
  note         = {Accessed: 3 June 2025}
}






















































































